<record><leader>00000cas a22000007a 4500</leader><controlfield tag="001">14868270</controlfield><controlfield tag="008">861124d19071909txudr ne      0    0eng d</controlfield><datafield ind1=" " ind2=" " tag="010"><subfield code="a">sn 86090330 </subfield></datafield><datafield ind1=" " ind2=" " tag="040"><subfield code="a">PPM</subfield><subfield code="b">eng</subfield><subfield code="c">PPM</subfield><subfield code="d">CRL</subfield><subfield code="d">OCLCQ</subfield></datafield><datafield ind1=" " ind2=" " tag="042"><subfield code="a">msc</subfield></datafield><datafield ind1="0" ind2=" " tag="130"><subfield code="a">San Antonio light (San Antonio, Tex. : 1907)</subfield></datafield><datafield ind1="1" ind2="4" tag="245"><subfield code="a">The San Antonio light.</subfield></datafield><datafield ind1=" " ind2=" " tag="260"><subfield code="a">San Antonio, Tex. :</subfield><subfield code="b">San Antonio Light Pub. Co.,</subfield><subfield code="c">1907-1909.</subfield></datafield><datafield ind1=" " ind2=" " tag="300"><subfield code="a">v. :</subfield><subfield code="b">ill. ;</subfield><subfield code="c">56 cm.</subfield></datafield><datafield ind1=" " ind2=" " tag="310"><subfield code="a">Daily</subfield></datafield><datafield ind1="0" ind2=" " tag="362"><subfield code="a">Vol. 26, no. 84 (Apr. 13, 1907)-</subfield></datafield><datafield ind1="1" ind2=" " tag="362"><subfield code="a">Ceased with unnumbered issue dated Apr. 28, 1909.</subfield></datafield><datafield ind1=" " ind2=" " tag="752"><subfield code="a">United States</subfield><subfield code="b">Texas</subfield><subfield code="c">Bexar</subfield><subfield code="d">San Antonio.</subfield></datafield><datafield ind1="0" ind2="0" tag="780"><subfield code="t">San Antonio daily light</subfield><subfield code="w">(DLC)sn 86090439</subfield><subfield code="w">(OCoLC)14868250</subfield></datafield><datafield ind1="0" ind2="0" tag="785"><subfield code="t">San Antonio light and gazette</subfield><subfield code="w">(DLC)sn 86090238</subfield><subfield code="w">(OCoLC)14868287</subfield></datafield></record>